<?xml version="1.0" encoding="UTF-8"?><collection xmlns="http://www.loc.gov/MARC21/slim"><record><leader>00435nam--2200169-i-4500</leader><controlfield tag="001">000018163</controlfield><controlfield tag="002">20161230</controlfield><controlfield tag="005">20170127203135</controlfield><controlfield tag="008">060222s1000------------r-----000-0-eng-d</controlfield><datafield ind1=" " ind2=" " tag="080"><subfield code="a">669.1</subfield></datafield><datafield ind1=" " ind2=" " tag="100"><subfield code="a">Eljutin, W. P</subfield></datafield><datafield ind1=" " ind2=" " tag="245"><subfield code="a">Ferrolegierungen (die elektrometallungie)</subfield></datafield><datafield ind1=" " ind2=" " tag="260"><subfield code="a">Berlin</subfield><subfield code="b">Verlag Technik</subfield><subfield code="c">1953</subfield></datafield><datafield ind1=" " ind2=" " tag="300"><subfield code="a">440p . Cu . Ilustr. + 1 Tab</subfield></datafield><datafield ind1=" " ind2=" " tag="700"><subfield code="a">Lewin, B. E</subfield></datafield><datafield ind1=" " ind2=" " tag="852"><subfield code="a">3681</subfield></datafield><datafield ind1=" " ind2=" " tag="CAT"><subfield code="a">SYS</subfield><subfield code="c">20170127</subfield><subfield code="h">203135</subfield></datafield></record></collection>